@inproceedings{krizhevsky2012imagenet,
  title={ImageNet classification with deep convolutional neural networks},
  author={Krizhevsky, Alex and Sutskever, Ilya and Hinton, Geoffrey E},
  booktitle={Advances in neural information processing systems},
  pages={1097--1105},
  year={2012}
}

@article{bell2007lessons,
  author    = {Bell, R.M. and Koren, Y.},
  title     = {Lessons from the Netflix Prize Challenge},
  journal   = {ACM SIGKDD Explorations Newsletter},
  volume    = {9},
  number    = {2},
  pages     = {75--79},
  year      = {2007}
}

@misc{berg2010large,
  author    = {Berg, A. and Deng, J. and Fei-Fei, L.},
  title     = {Large Scale Visual Recognition Challenge 2010},
  year      = {2010},
  howpublished = {\url{www.image-net.org/challenges}}
}

@article{breiman2001random,
  author    = {Breiman, L.},
  title     = {Random Forests},
  journal   = {Machine Learning},
  volume    = {45},
  number    = {1},
  pages     = {5--32},
  year      = {2001}
}

@article{ciresan2012multi,
  title={Multi-column deep neural networks for image classification},
  author={Cire{\c{s}}an, Dan and Meier, Ueli and Schmidhuber, J{\"u}rgen},
  journal={arXiv preprint arXiv:1202.2745},
  year={2012}
}

@article{ciresan2011high,
  title={High-performance neural networks for visual object classification},
  author={Cire{\c{s}}an, Dan C and Meier, Ueli and Masci, Jonathan and Gambardella, Luca M and Schmidhuber, J{\"u}rgen},
  journal={arXiv preprint arXiv:1102.0183},
  year={2011}
}

@inproceedings{deng2009imagenet,
  title={ImageNet: A large-scale hierarchical image database},
  author={Deng, Jia and Dong, Wei and Socher, Richard and Li, Li-Jia and Li, Kai and Fei-Fei, Li},
  booktitle={2009 IEEE Conference on Computer Vision and Pattern Recognition},
  pages={248--255},
  year={2009},
  organization={IEEE}
}

@misc{deng2012ilsvrc,
    author = {Deng, J. and Berg, A. and Satheesh, S. and Su, H. and Khosla, A. and Fei-Fei, L.},
    title = {{ILSVRC-2012}},
    year = {2012},
    howpublished = {\url{http://www.image-net.org/challenges/LSVRC/2012/}}
}

@article{feifei2007learning,
  title={Learning generative visual models from few training examples: An incremental bayesian approach tested on 101 object categories},
  author={Fei-Fei, Li and Fergus, Rob and Perona, Pietro},
  journal={Computer Vision and Image Understanding},
  volume={106},
  number={1},
  pages={59--70},
  year={2007}
}

@techreport{griffin2007caltech,
  title={Caltech-256 object category dataset},
  author={Griffin, Gregory and Holub, Alex and Perona, Pietro},
  institution={California Institute of Technology},
  year={2007},
  number={7694}
}

@article{hinton2012improving,
  title={Improving neural networks by preventing co-adaptation of feature detectors},
  author={Hinton, Geoffrey E and Srivastava, Nitish and Krizhevsky, Alex and Sutskever, Ilya and Salakhutdinov, Ruslan R},
  journal={arXiv preprint arXiv:1207.0580},
  year={2012}
}

@inproceedings{jarrett2009what,
  title={What is the best multi-stage architecture for object recognition?},
  author={Jarrett, Kevin and Kavukcuoglu, Koray and Ranzato, Marc'Aurelio and LeCun, Yann},
  booktitle={2009 IEEE 12th International Conference on Computer Vision},
  pages={2146--2153},
  year={2009},
  organization={IEEE}
}

@mastersthesis{krizhevsky2009learning,
  title={Learning multiple layers of features from tiny images},
  author={Krizhevsky, Alex},
  school={Department of Computer Science, University of Toronto},
  year={2009}
}

@unpublished{krizhevsky2010convolutional,
    author = {Krizhevsky, Alex},
    title = {Convolutional deep belief networks on cifar-10},
    note = {Unpublished manuscript},
    year = {2010}
}

@inproceedings{krizhevsky2011using,
    author = {Krizhevsky, Alex and Hinton, Geoffrey E.},
    title = {Using very deep autoencoders for content-based image retrieval},
    booktitle = {ESANN},
    year = {2011}
}

@inproceedings{lecun1990handwritten,
  title={Handwritten digit recognition with a back-propagation network},
  author={LeCun, Yann and Boser, Bernhard and Denker, John S and Henderson, Donnie and Howard, Richard E and Hubbard, Wayne and Jackel, Lawrence D},
  booktitle={Advances in neural information processing systems},
  year={1990}
}

@inproceedings{lecun2004learning,
  title={Learning methods for generic object recognition with invariance to pose and lighting},
  author={LeCun, Yann and Huang, Fu Jie and Bottou, L{\'e}on},
  booktitle={2004 IEEE Computer Society Conference on Computer Vision and Pattern Recognition, 2004. CVPR 2004.},
  volume={2},
  pages={II--97},
  year={2004},
  organization={IEEE}
}

@inproceedings{lecun2010convolutional,
  title={Convolutional networks and applications in vision},
  author={LeCun, Yann and Kavukcuoglu, Koray and Farabet, Clement},
  booktitle={Proceedings of 2010 IEEE International Symposium on Circuits and Systems},
  pages={253--256},
  year={2010},
  organization={IEEE}
}

@inproceedings{lee2009convolutional,
  title={Convolutional deep belief networks for scalable unsupervised learning of hierarchical representations},
  author={Lee, Honglak and Grosse, Roger and Ranganath, Rajesh and Ng, Andrew Y},
  booktitle={Proceedings of the 26th annual international conference on machine learning},
  pages={609--616},
  year={2009}
}

@inproceedings{mensink2012metric,
  title={Metric learning for large scale image classification: Generalizing to new classes at near-zero cost},
  author={Mensink, Thomas and Verbeek, Jakob and Perronnin, Florent and Csurka, Gabriela},
  booktitle={European conference on computer vision},
  pages={438--451},
  year={2012},
  organization={Springer}
}

@inproceedings{nair2010rectified,
  title={Rectified linear units improve restricted boltzmann machines},
  author={Nair, Vinod and Hinton, Geoffrey E},
  booktitle={Proc. 27th international conference on machine learning (ICML-10)},
  pages={807--814},
  year={2010}
}

@article{pinto2008why,
  title={Why is real-world visual object recognition hard?},
  author={Pinto, Nicolas and Cox, David D and DiCarlo, James J},
  journal={PLoS computational biology},
  volume={4},
  number={1},
  pages={e27},
  year={2008}
}

@article{pinto2009high,
  title={A high-throughput screening approach to discovering good forms of biologically inspired visual representation},
  author={Pinto, Nicolas and Doukhan, David and DiCarlo, James J and Cox, David D},
  journal={PLoS computational biology},
  volume={5},
  number={11},
  pages={e1000579},
  year={2009}
}

@article{russell2008labelme,
  title={Labelme: a database and web-based tool for image annotation},
  author={Russell, Bryan C and Torralba, Antonio and Murphy, Kevin P and Freeman, William T},
  journal={International journal of computer vision},
  volume={77},
  number={1},
  pages={157--173},
  year={2008}
}

@inproceedings{sanchez2011high,
  title={High-dimensional signature compression for large-scale image classification},
  author={S{\'a}nchez, Jorge and Perronnin, Florent},
  booktitle={2011 IEEE Conference on Computer Vision and Pattern Recognition (CVPR)},
  pages={1665--1672},
  year={2011},
  organization={IEEE}
}

@inproceedings{simard2003best,
  title={Best practices for convolutional neural networks applied to visual document analysis},
  author={Simard, Patrice Y and Steinkraus, Dave and Platt, John C},
  booktitle={ICDAR},
  volume={2},
  pages={958--962},
  year={2003}
}

@article{turaga2010convolutional,
  title={Convolutional networks can learn to generate affinity graphs for image segmentation},
  author={Turaga, Srinivas C and Murray, Jonathan F and Jain, Viren and Roth, Friedrich and Helmstaedter, Moritz and Briggman, Kevin and Denk, Winfried and Seung, H Sebastian},
  journal={Neural computation},
  volume={22},
  number={2},
  pages={511--538},
  year={2010}
}